<?xml version="1.0" encoding="UTF-8"?><collection><record><leader>02749ctm a2200493 a 4500</leader><controlfield tag="001">005238644</controlfield><controlfield tag="003">MiAaHDL</controlfield><controlfield tag="005">20190719000000.0</controlfield><controlfield tag="006">m        d        </controlfield><controlfield tag="007">cr bn ---auaua</controlfield><controlfield tag="008">060629s1710    |||           000 0 ara  </controlfield><datafield tag="035" ind1=" " ind2=" "><subfield code="a">(MiU)005238644</subfield></datafield><datafield tag="035" ind1=" " ind2=" "><subfield code="a">sdr-miu005238644</subfield></datafield><datafield tag="035" ind1=" " ind2=" "><subfield code="a">(OCoLC)81282271</subfield></datafield><datafield tag="035" ind1=" " ind2=" "><subfield code="a">(RLIN)MIUG06-B2811</subfield></datafield><datafield tag="040" ind1=" " ind2=" "><subfield code="a">MiU</subfield><subfield code="c">MiU</subfield><subfield code="e">amremm</subfield></datafield><datafield tag="043" ind1=" " ind2=" "><subfield code="a">n-us-mi</subfield></datafield><datafield tag="100" ind1="1" ind2=" "><subfield code="6">880-01</subfield><subfield code="a">Awsī, ʻUmar ibn Ibrāhīm,</subfield><subfield code="d">-1350 or 1351.</subfield></datafield><datafield tag="240" ind1="1" ind2="0"><subfield code="6">880-02</subfield><subfield code="a">Zahr al-kimām fī qiṣṣat Sayyidinā Yūsuf ʻalayhi al-salām</subfield></datafield><datafield tag="245" ind1="1" ind2="0"><subfield code="6">880-03</subfield><subfield code="a">[Kitāb Zahr al-kimām fī qiṣṣat sayyidinā Yūsuf,</subfield><subfield code="f">1122, i.e. 1710].</subfield></datafield><datafield tag="246" ind1="3" ind2="0"><subfield code="i">Title in GAL:</subfield><subfield code="a">Zahr al-akmām fī qiṣṣat Yūsuf ʻam</subfield></datafield><datafield tag="260" ind1=" " ind2=" "><subfield code="c">[1710].</subfield></datafield><datafield tag="300" ind1=" " ind2=" "><subfield code="a">280 leaves :</subfield><subfield code="b">paper ;</subfield><subfield code="c">307 x 220 mm.</subfield></datafield><datafield tag="500" ind1=" " ind2=" "><subfield code="a">Origin: Colophon gives date for the completion of this manuscript as Monday in the middle ten days of the month of Muḥarram, 1122 / March 1720.</subfield></datafield><datafield tag="500" ind1=" " ind2=" "><subfield code="a">Binding: Simple leather bound codex with medallion-shaped tooled designs on upper and lower covers as well as envelope flap, which have eroded.</subfield></datafield><datafield tag="500" ind1=" " ind2=" "><subfield code="a">Decoration: Double red line borders text.</subfield></datafield><datafield tag="500" ind1=" " ind2=" "><subfield code="a">Script: Text written in black naskh script with rubrications. Initial two folios lack borders and are written in a different hand. These seem to have been pasted in after the book was bound.</subfield></datafield><datafield tag="500" ind1=" " ind2=" "><subfield code="a">Title supplied by cataloguer.</subfield></datafield><datafield tag="500" ind1=" " ind2=" "><subfield code="a">Ms. codex.</subfield></datafield><datafield tag="510" ind1="4" ind2=" "><subfield code="a">Ḥājjī Khalīfah. Kashf al-ẓunūn,</subfield><subfield code="c">vol. iii, p. 550, n. 6906.</subfield></datafield><datafield tag="510" ind1="4" ind2=" "><subfield code="a">Brockelmann, C. GAL,</subfield><subfield code="c">II 265</subfield></datafield><datafield tag="520" ind1="8" ind2=" "><subfield code="a">The Story of Yūsuf (Joseph) in 27 majālis (sessions), composed of verses from the Qurʼān, ḥadīths, moral reflections, and edifying anecdotes, in both verse and prose.</subfield></datafield><datafield tag="538" ind1=" " ind2=" "><subfield code="a">Mode of access: Internet.</subfield></datafield><datafield tag="541" ind1=" " ind2=" "><subfield code="a">Acquired in 1926 from the bookseller Isaac Benjamin S.E. Yahuda via purchase transacted on his behalf by Abraham Shalom Yahuda (1877-1951), his younger brother.</subfield></datafield><datafield tag="546" ind1=" " ind2=" "><subfield code="a">Arabic.</subfield></datafield><datafield tag="600" ind1="0" ind2="0"><subfield code="a">Joseph</subfield><subfield code="c">(Son of Jacob)</subfield><subfield code="v">Prayers and devotions</subfield><subfield code="v">Early works to 1800.</subfield></datafield><datafield tag="600" ind1="0" ind2="0"><subfield code="a">Joseph</subfield><subfield code="c">(Son of Jacob)</subfield><subfield code="v">Anecdotes</subfield><subfield code="v">Early works to 1800.</subfield></datafield><datafield tag="600" ind1="0" ind2="0"><subfield code="a">Joseph</subfield><subfield code="c">(Son of Jacob)</subfield><subfield code="x">In the Koran</subfield><subfield code="v">Early works to 1800.</subfield></datafield><datafield tag="650" ind1=" " ind2="0"><subfield code="a">Manuscripts, Arabic</subfield><subfield code="z">Michigan</subfield><subfield code="z">Ann Arbor.</subfield></datafield><datafield tag="650" ind1=" " ind2="0"><subfield code="a">Prophets, Pre-Islamic</subfield><subfield code="v">Prayers and devotions</subfield><subfield code="v">Early works to 1800.</subfield></datafield><datafield tag="773" ind1="0" ind2=" "><subfield code="a">Yahuda Collection.</subfield></datafield><datafield tag="880" ind1="1" ind2="0"><subfield code="6">245-03/</subfield><subfield code="a">[كتاب زهر الكمام في قصة سيدنا يوسف,</subfield><subfield code="f">1122ه، 1710م].</subfield></datafield><datafield tag="880" ind1="1" ind2="0"><subfield code="6">240-02/</subfield><subfield code="a">زهر الكمام في قصة سيدنا يوسف عليه السلام</subfield></datafield><datafield tag="880" ind1="1" ind2=" "><subfield code="6">100-01/</subfield><subfield code="a">أوسي، عمر بن إبراهيم.</subfield></datafield><datafield tag="CID" ind1=" " ind2=" "><subfield code="a">005238644</subfield></datafield><datafield tag="DAT" ind1="0" ind2=" "><subfield code="a">20190719102633.0</subfield><subfield code="b">20190719000000.0</subfield></datafield><datafield tag="DAT" ind1="1" ind2=" "><subfield code="a">20190719090653.0</subfield><subfield code="b">2019-07-19T16:10:53Z</subfield></datafield><datafield tag="DAT" ind1="2" ind2=" "><subfield code="a">2015-10-10T18:00:06Z</subfield></datafield><datafield tag="CAT" ind1=" " ind2=" "><subfield code="a">SDR-MIU</subfield><subfield code="d">EX LIBRIS - ALEPH</subfield><subfield code="l">prepare.pl-004-008</subfield></datafield><datafield tag="FMT" ind1=" " ind2=" "><subfield code="a">BK</subfield></datafield><datafield tag="HOL" ind1=" " ind2=" "><subfield code="0">sdr-miu005238644</subfield><subfield code="a">MiU</subfield><subfield code="b">SDR</subfield><subfield code="c">MIU</subfield><subfield code="p">mdp.39015081446505</subfield><subfield code="s">MIU</subfield><subfield code="1">005238644</subfield></datafield><datafield tag="974" ind1=" " ind2=" "><subfield code="b">MIU</subfield><subfield code="c">MIU</subfield><subfield code="d">20190719</subfield><subfield code="s">lit-dlps-dc</subfield><subfield code="u">mdp.39015081446505</subfield><subfield code="y">1710</subfield><subfield code="r">pd</subfield><subfield code="q">bib</subfield><subfield code="t">non-US bib date1 &lt; 1896</subfield></datafield></record></collection>